@article{witten1987arithmetic,
  title={Arithmetic coding for data compression},
  author={Witten, Ian H and Neal, Radford M and Cleary, John G},
  journal={Communications of the ACM},
  volume={30},
  number={6},
  pages={520--540},
  year={1987},
  publisher={ACM New York, NY, USA}
}

@article{cocodataset,
  author    = {Tsung{-}Yi Lin and Michael Maire and Serge J. Belongie and Lubomir D. Bourdev and Ross B. Girshick and James Hays and Pietro Perona and Deva Ramanan and Piotr Doll{'{a} }r and C. Lawrence Zitnick},
  title     = {Microsoft {COCO:} Common Objects in Context},
  journal   = {CoRR},
  volume    = {abs/1405.0312},
  year      = {2014},
  url       = {http://arxiv.org/abs/1405.0312},
  archivePrefix = {arXiv},
  eprint    = {1405.0312},
  timestamp = {Mon, 13 Aug 2018 16:48:13 +0200},
  biburl    = {https://dblp.org/rec/bib/journals/corr/LinMBHPRDZ14},
  bibsource = {dblp computer science bibliography, https://dblp.org}
}
@article{ji2024sources,
  title={Sources of richness and ineffability for phenomenally conscious states},
  author={Ji, Xu and Elmoznino, Eric and Deane, George and Constant, Axel and Dumas, Guillaume and Lajoie, Guillaume and Simon, Jonathan and Bengio, Yoshua},
  journal={Neuroscience of Consciousness},
  volume={2024},
  number={1},
  pages={niae001},
  year={2024},
  publisher={Oxford University Press UK}
}

@article{blier2018description,
  title={The description length of deep learning models},
  author={Blier, L{\'e}onard and Ollivier, Yann},
  journal={Advances in Neural Information Processing Systems},
  volume={31},
  year={2018}
}

@article{goldblum2023no,
  title={The No Free Lunch Theorem, Kolmogorov Complexity, and the Role of Inductive Biases in Machine Learning},
  author={Goldblum, Micah and Finzi, Marc and Rowan, Keefer and Wilson, Andrew Gordon},
  journal={arXiv preprint arXiv:2304.05366},
  year={2023}
}

@misc{sutskever2023observation,
  author = {Sutskever, Ilya},
  title = {An Observation on Generalization},
  howpublished = "\url{https://www.youtube.com/watch?v=AKMuA_TVz3A}",
  year = {2023}, 
}

@misc{rae2023compression,
  author = {Rae, Jack},
  title = {{Compression for AGI - Jack Rae | Stanford MLSys \#76}},
  howpublished = "\url{https://www.youtube.com/watch?v=dO4TPJkeaaU&t=1528s}",
  year = {2023}, 
}

@inproceedings{lake2018generalization,
  title={Generalization without systematicity: On the compositional skills of sequence-to-sequence recurrent networks},
  author={Lake, Brenden and Baroni, Marco},
  booktitle={International conference on machine learning},
  pages={2873--2882},
  year={2018},
  organization={PMLR}
}

@inproceedings{
    wiedemer2024provable,
    title={Provable Compositional Generalization for Object-Centric Learning},
    author={Thadd{\"a}us Wiedemer and Jack Brady and Alexander Panfilov and Attila Juhos and Matthias Bethge and Wieland Brendel},
    booktitle={The Twelfth International Conference on Learning Representations},
    year={2024},
    url={https://openreview.net/forum?id=7VPTUWkiDQ}
}

@inproceedings{
    bahdanau2018systematic,
    title={Systematic Generalization: What Is Required and Can It Be Learned?},
    author={Dzmitry Bahdanau and Shikhar Murty and Michael Noukhovitch and Thien Huu Nguyen and Harm de Vries and Aaron Courville},
    booktitle={International Conference on Learning Representations},
    year={2019},
    url={https://openreview.net/forum?id=HkezXnA9YX},
}

@inproceedings{
    wiedemer2023compositional,
    title={Compositional Generalization from First Principles},
    author={Thadd{\"a}us Wiedemer and Prasanna Mayilvahanan and Matthias Bethge and Wieland Brendel},
    booktitle={Thirty-seventh Conference on Neural Information Processing Systems},
    year={2023},
    url={https://openreview.net/forum?id=LqOQ1uJmSx}
}

@incollection{gendler2012case,
    author = {Szabó, Zoltán Gendler},
    isbn = {9780199541072},
    title = "{The case for compositionality}",
    booktitle = "{The Oxford Handbook of Compositionality}",
    publisher = {Oxford University Press},
    year = {2012},
    month = {02},
    doi = {10.1093/oxfordhb/9780199541072.013.0003},
    url = {https://doi.org/10.1093/oxfordhb/9780199541072.013.0003},
    eprint = {https://academic.oup.com/book/0/chapter/350861452/chapter-ag-pdf/44422005/book\_41264\_section\_350861452.ag.pdf},
}

@InCollection{sep-compositionality,
    author       =	{Szabó, Zoltán Gendler},
    title        =	{{Compositionality}},
    booktitle    =	{The {Stanford} Encyclopedia of Philosophy},
    editor       =	{Edward N. Zalta and Uri Nodelman},
    howpublished =	{\url{https://plato.stanford.edu/archives/fall2022/entries/compositionality/}},
    year         =	{2022},
    edition      =	{{F}all 2022},
    publisher    =	{Metaphysics Research Lab, Stanford University}
}

@InCollection{sep-language-thought,
	author       =	{Rescorla, Michael},
	title        =	{{The Language of Thought Hypothesis}},
	booktitle    =	{The {Stanford} Encyclopedia of Philosophy},
	editor       =	{Edward N. Zalta and Uri Nodelman},
	howpublished =	{\url{https://plato.stanford.edu/archives/win2023/entries/language-thought/}},
	year         =	{2023},
	edition      =	{{W}inter 2023},
	publisher    =	{Metaphysics Research Lab, Stanford University}
}

@book{fodor1975language,
  title={The language of thought},
  author={Fodor, Jerry A},
  volume={5},
  year={1975},
  publisher={Harvard university press}
}

@article{lake2017building, 
    title={Building machines that learn and think like people}, 
    volume={40}, 
    DOI={10.1017/S0140525X16001837}, 
    journal={Behavioral and Brain Sciences}, 
    author={Lake, Brenden M. and Ullman, Tomer D. and Tenenbaum, Joshua B. and Gershman, Samuel J.}, 
    year={2017}, 
    pages={e253}
}

@article{weinreich1969problems,
  title={Problems in the analysis of idioms},
  author={Weinreich, Uriel},
  journal={Substance and structure of language},
  volume={23},
  number={81},
  pages={208--264},
  year={1969}
}

@article{mabruroh2015analysis,
  title={An analysis of idioms and their problems found in the novel the adventures of Tom Sawyer by Mark Twain},
  author={Mabruroh, Khofiana},
  journal={Rainbow: Journal of Literature, Linguistics and Culture Studies},
  volume={4},
  number={1},
  year={2015}
}

@article{swinney1979access,
  title={The access and processing of idiomatic expressions},
  author={Swinney, David A and Cutler, Anne},
  journal={Journal of verbal learning and verbal behavior},
  volume={18},
  number={5},
  pages={523--534},
  year={1979},
  publisher={Elsevier}
}

@article{socolof2021characterizing,
  title={Characterizing idioms: Conventionality and contingency},
  author={Socolof, Michaela and Cheung, Jackie Chi Kit and Wagner, Michael and O'Donnell, Timothy J},
  journal={arXiv preprint arXiv:2104.08664},
  year={2021}
}

@article{chomsky1956three,
  title={Three models for the description of language},
  author={Chomsky, Noam},
  journal={IRE Transactions on information theory},
  volume={2},
  number={3},
  pages={113--124},
  year={1956},
  publisher={IEEE}
}

@book{montague1970english,
  title={English as a formal language},
  author={Montague, Richard and others},
  year={1970},
  publisher={Ed. di Comunit{\`a}}
}

@article{quilty2023best,
  title={The best game in town: The reemergence of the language-of-thought hypothesis across the cognitive sciences},
  author={Quilty-Dunn, Jake and Porot, Nicolas and Mandelbaum, Eric},
  journal={Behavioral and Brain Sciences},
  volume={46},
  pages={e261},
  year={2023},
  publisher={Cambridge University Press}
}

@article{ren2023improving,
  title={Improving Compositional Generalization Using Iterated Learning and Simplicial Embeddings},
  author={Ren, Yi and Lavoie, Samuel and Galkin, Mikhail and Sutherland, Danica J and Courville, Aaron},
  journal={arXiv preprint arXiv:2310.18777},
  year={2023}
}

@book{kirby1999function,
  title={Function, selection, and innateness: The emergence of language universals},
  author={Kirby, Simon},
  year={1999},
  publisher={OUP Oxford}
}

@article{kirby2004ug,
  title={From UG to universals: Linguistic adaptation through iterated learning},
  author={Kirby, Simon and Smith, Kenny and Brighton, Henry},
  journal={Studies in Language. International Journal sponsored by the Foundation “Foundations of Language”},
  volume={28},
  number={3},
  pages={587--607},
  year={2004},
  publisher={John Benjamins}
}

@article{brighton2006understanding,
  title={Understanding linguistic evolution by visualizing the emergence of topographic mappings},
  author={Brighton, Henry and Kirby, Simon},
  journal={Artificial life},
  volume={12},
  number={2},
  pages={229--242},
  year={2006},
  publisher={MIT Press}
}

@article{kirby2008cumulative,
  title={Cumulative cultural evolution in the laboratory: An experimental approach to the origins of structure in human language},
  author={Kirby, Simon and Cornish, Hannah and Smith, Kenny},
  journal={Proceedings of the National Academy of Sciences},
  volume={105},
  number={31},
  pages={10681--10686},
  year={2008},
  publisher={National Acad Sciences}
}

@article{kirby2015compression,
  title={Compression and communication in the cultural evolution of linguistic structure},
  author={Kirby, Simon and Tamariz, Monica and Cornish, Hannah and Smith, Kenny},
  journal={Cognition},
  volume={141},
  pages={87--102},
  year={2015},
  publisher={Elsevier}
}

@inproceedings{vithanage2021effect,
  title={Effect of Pressure for Compositionality on Language Emergence},
  author={Vithanage, Mihira Kasun and Wijesinghe, Rukshan Darshana and Xavier, Alex and Tissera, Dumindu and Jayasena, Sanath and Fernando, Subha},
  booktitle={The Tenth International Conference on Learning Representations},
  year={2021}
}

@article{li2019ease,
  title={Ease-of-teaching and language structure from emergent communication},
  author={Li, Fushan and Bowling, Michael},
  journal={Advances in neural information processing systems},
  volume={32},
  year={2019}
}

@article{ren2020compositional,
  title={Compositional languages emerge in a neural iterated learning model},
  author={Ren, Yi and Guo, Shangmin and Labeau, Matthieu and Cohen, Shay B and Kirby, Simon},
  journal={arXiv preprint arXiv:2002.01365},
  year={2020}
}

@article{bengio2017consciousness,
  title={The consciousness prior},
  author={Bengio, Yoshua},
  journal={arXiv preprint arXiv:1709.08568},
  year={2017}
}

@article{goyal2022inductive,
  title={Inductive biases for deep learning of higher-level cognition},
  author={Goyal, Anirudh and Bengio, Yoshua},
  journal={Proceedings of the Royal Society A},
  volume={478},
  number={2266},
  pages={20210068},
  year={2022},
  publisher={The Royal Society}
}

@article{dehaene_symbols_2022,
    title = {Symbols and mental programs: a hypothesis about human singularity},
    volume = {26},
    issn = {1364-6613},
    shorttitle = {Symbols and mental programs},
    url = {https://www.sciencedirect.com/science/article/pii/S1364661322001413},
    doi = {10.1016/j.tics.2022.06.010},
    language = {en},
    number = {9},
    urldate = {2023-02-13},
    journal = {Trends in Cognitive Sciences},
    author = {Dehaene, Stanislas and Al Roumi, Fosca and Lakretz, Yair and Planton, Samuel and Sablé-Meyer, Mathias},
    month = sep,
    year = {2022},
    keywords = {Important, language, minimum description length, programs, sequences, symbols},
    pages = {751--766}
}

@book{marcus2003algebraic,
  title={The algebraic mind: Integrating connectionism and cognitive science},
  author={Marcus, Gary F},
  year={2003},
  publisher={MIT press}
}

@inproceedings{andreas2016neural,
  title={Neural module networks},
  author={Andreas, Jacob and Rohrbach, Marcus and Darrell, Trevor and Klein, Dan},
  booktitle={Proceedings of the IEEE conference on computer vision and pattern recognition},
  pages={39--48},
  year={2016}
}

@inproceedings{
    higgins2017betavae,
    title={beta-{VAE}: Learning Basic Visual Concepts with a Constrained Variational Framework},
    author={Irina Higgins and Loic Matthey and Arka Pal and Christopher Burgess and Xavier Glorot and Matthew Botvinick and Shakir Mohamed and Alexander Lerchner},
    booktitle={International Conference on Learning Representations},
    year={2017},
    url={https://openreview.net/forum?id=Sy2fzU9gl}
}

@article{sawada2018disentangling,
  title={Disentangling controllable and uncontrollable factors of variation by interacting with the world},
  author={Sawada, Yoshihide},
  journal={arXiv preprint arXiv:1804.06955},
  year={2018}
}

@article{ahuja2022weakly,
  title={Weakly supervised representation learning with sparse perturbations},
  author={Ahuja, Kartik and Hartford, Jason S and Bengio, Yoshua},
  journal={Advances in Neural Information Processing Systems},
  volume={35},
  pages={15516--15528},
  year={2022}
}

@article{brehmer2022weakly,
  title={Weakly supervised causal representation learning},
  author={Brehmer, Johann and De Haan, Pim and Lippe, Phillip and Cohen, Taco S},
  journal={Advances in Neural Information Processing Systems},
  volume={35},
  pages={38319--38331},
  year={2022}
}

@inproceedings{lachapelle2022disentanglement,
  title={Disentanglement via mechanism sparsity regularization: A new principle for nonlinear ICA},
  author={Lachapelle, S{\'e}bastien and Rodriguez, Pau and Sharma, Yash and Everett, Katie E and Le Priol, R{\'e}mi and Lacoste, Alexandre and Lacoste-Julien, Simon},
  booktitle={Conference on Causal Learning and Reasoning},
  pages={428--484},
  year={2022},
  organization={PMLR}
}

@inproceedings{lippe2022citris,
  title={Citris: Causal identifiability from temporal intervened sequences},
  author={Lippe, Phillip and Magliacane, Sara and L{\"o}we, Sindy and Asano, Yuki M and Cohen, Taco and Gavves, Stratis},
  booktitle={International Conference on Machine Learning},
  pages={13557--13603},
  year={2022},
  organization={PMLR}
}

@article{ellis2003dreamcoder,
  title = {DreamCoder: growing generalizable,  interpretable knowledge with wake–sleep Bayesian program learning},
  volume = {381},
  ISSN = {1471-2962},
  url = {http://dx.doi.org/10.1098/rsta.2022.0050},
  DOI = {10.1098/rsta.2022.0050},
  number = {2251},
  journal = {Philosophical Transactions of the Royal Society A: Mathematical,  Physical and Engineering Sciences},
  publisher = {The Royal Society},
  author = {Ellis,  Kevin and Wong,  Lionel and Nye,  Maxwell and Sablé-Meyer,  Mathias and Cary,  Luc and Anaya Pozo,  Lore and Hewitt,  Luke and Solar-Lezama,  Armando and Tenenbaum,  Joshua B.},
  year = {2023},
  month = jun 
}

@article{
    pfeiffer2023modular,
    title={Modular Deep Learning},
    author={Jonas Pfeiffer and Sebastian Ruder and Ivan Vuli{\'c} and Edoardo Ponti},
    journal={Transactions on Machine Learning Research},
    issn={2835-8856},
    year={2023},
    url={https://openreview.net/forum?id=z9EkXfvxta},
    note={Survey Certification}
}

@article{locatello2020object,
  title={Object-centric learning with slot attention},
  author={Locatello, Francesco and Weissenborn, Dirk and Unterthiner, Thomas and Mahendran, Aravindh and Heigold, Georg and Uszkoreit, Jakob and Dosovitskiy, Alexey and Kipf, Thomas},
  journal={Advances in neural information processing systems},
  volume={33},
  pages={11525--11538},
  year={2020}
}

@article{lachapelle2024additive,
  title={Additive decoders for latent variables identification and cartesian-product extrapolation},
  author={Lachapelle, S{\'e}bastien and Mahajan, Divyat and Mitliagkas, Ioannis and Lacoste-Julien, Simon},
  journal={Advances in Neural Information Processing Systems},
  volume={36},
  year={2024}
}

@inproceedings{
    singh2023neural,
    title={Neural Systematic Binder},
    author={Gautam Singh and Yeongbin Kim and Sungjin Ahn},
    booktitle={The Eleventh International Conference on Learning Representations },
    year={2023},
    url={https://openreview.net/forum?id=ZPHE4fht19t}
}

@inproceedings{
    wu2024neural,
    title={Neural Language of Thought Models},
    author={Yi-Fu Wu and Minseung Lee and Sungjin Ahn},
    booktitle={The Twelfth International Conference on Learning Representations},
    year={2024},
    url={https://openreview.net/forum?id=HYyRwm367m}
}

@article{wei2022chain,
  title={Chain-of-thought prompting elicits reasoning in large language models},
  author={Wei, Jason and Wang, Xuezhi and Schuurmans, Dale and Bosma, Maarten and Xia, Fei and Chi, Ed and Le, Quoc V and Zhou, Denny and others},
  journal={Advances in neural information processing systems},
  volume={35},
  pages={24824--24837},
  year={2022}
}

@article{kojima2022large,
  title={Large language models are zero-shot reasoners},
  author={Kojima, Takeshi and Gu, Shixiang Shane and Reid, Machel and Matsuo, Yutaka and Iwasawa, Yusuke},
  journal={Advances in neural information processing systems},
  volume={35},
  pages={22199--22213},
  year={2022}
}

@inproceedings{
    hu2024amortizing,
    title={Amortizing intractable inference in large language models},
    author={Edward J Hu and Moksh Jain and Eric Elmoznino and Younesse Kaddar and Guillaume Lajoie and Yoshua Bengio and Nikolay Malkin},
    booktitle={The Twelfth International Conference on Learning Representations},
    year={2024},
    url={https://openreview.net/forum?id=Ouj6p4ca60}
}

@inproceedings{ellis_learning_2018,
	title = {Learning {Libraries} of {Subroutines} for {Neurally}– {Guided} {Bayesian} {Program} {Induction}},
	volume = {31},
	url = {https://papers.nips.cc/paper_files/paper/2018/hash/7aa685b3b1dc1d6780bf36f7340078c9-Abstract.html},
	abstract = {Successful approaches to program induction require a hand-engineered
  domain-specific language (DSL), constraining the space of allowed
  programs and imparting prior knowledge of the domain.  We contribute
  a program induction algorithm that learns a DSL while
  jointly training a neural network to efficiently search for programs
  in the learned DSL.  We use our model to synthesize functions on lists,
  edit text, and solve symbolic regression problems, showing how the
  model learns a domain-specific library of program components for
  expressing solutions to problems in the domain.},
	urldate = {2024-06-10},
	booktitle = {Advances in {Neural} {Information} {Processing} {Systems}},
	publisher = {Curran Associates, Inc.},
	author = {Ellis, Kevin and Morales, Lucas and Sablé-Meyer, Mathias and Solar-Lezama, Armando and Tenenbaum, Josh},
	year = {2018},
	file = {Full Text PDF:/Users/eric/Zotero/storage/ZRLX27ZI/Ellis et al. - 2018 - Learning Libraries of Subroutines for Neurally– Gu.pdf:application/pdf},
}

@inproceedings{
    ellis2023humanlike,
    title={Human-like Few-Shot Learning via Bayesian Reasoning over Natural Language},
    author={Kevin Ellis},
    booktitle={Thirty-seventh Conference on Neural Information Processing Systems},
    year={2023},
    url={https://openreview.net/forum?id=dVnhdm9MIg}
}

@misc{wong_word_2023,
	title = {From {Word} {Models} to {World} {Models}: {Translating} from {Natural} {Language} to the {Probabilistic} {Language} of {Thought}},
	shorttitle = {From {Word} {Models} to {World} {Models}},
	url = {http://arxiv.org/abs/2306.12672},
	doi = {10.48550/arXiv.2306.12672},
	urldate = {2023-06-27},
	publisher = {arXiv},
	author = {Wong, Lionel and Grand, Gabriel and Lew, Alexander K. and Goodman, Noah D. and Mansinghka, Vikash K. and Andreas, Jacob and Tenenbaum, Joshua B.},
	month = jun,
	year = {2023},
	note = {arXiv:2306.12672 [cs]},
	keywords = {Computer Science - Artificial Intelligence, Computer Science - Computation and Language, Computer Science - Symbolic Computation},
}

@article{lake_human-level_2015,
	title = {Human-level concept learning through probabilistic program induction},
	volume = {350},
	url = {https://www.science.org/doi/abs/10.1126/science.aab3050},
	doi = {10.1126/science.aab3050},
	number = {6266},
	urldate = {2024-06-07},
	journal = {Science},
	author = {Lake, Brenden M. and Salakhutdinov, Ruslan and Tenenbaum, Joshua B.},
	month = dec,
	year = {2015},
	note = {Publisher: American Association for the Advancement of Science},
	pages = {1332--1338},
}

@article{garcez2023neurosymbolic,
  title={Neurosymbolic AI: The 3 rd wave},
  author={Garcez, Artur d’Avila and Lamb, Luis C},
  journal={Artificial Intelligence Review},
  volume={56},
  number={11},
  pages={12387--12406},
  year={2023},
  publisher={Springer}
}

@article{sheth2023neurosymbolic,
  title={Neurosymbolic artificial intelligence (why, what, and how)},
  author={Sheth, Amit and Roy, Kaushik and Gaur, Manas},
  journal={IEEE Intelligent Systems},
  volume={38},
  number={3},
  pages={56--62},
  year={2023},
  publisher={IEEE}
}

@inproceedings{
    schug2024discovering,
    title={Discovering modular solutions that generalize compositionally},
    author={Simon Schug and Seijin Kobayashi and Yassir Akram and Maciej Wolczyk and Alexandra Maria Proca and Johannes Von Oswald and Razvan Pascanu and Joao Sacramento and Angelika Steger},
    booktitle={The Twelfth International Conference on Learning Representations},
    year={2024},
    url={https://openreview.net/forum?id=H98CVcX1eh}
}

@article{alias2021neural,
  title={Neural production systems},
  author={Anirudh Goyal and Didolkar, Aniket and Ke, Nan Rosemary and Blundell, Charles and Beaudoin, Philippe and Heess, Nicolas and Mozer, Michael C and Bengio, Yoshua},
  journal={Advances in Neural Information Processing Systems},
  volume={34},
  pages={25673--25687},
  year={2021}
}

@article{goyal2021coordination,
  title={Coordination among neural modules through a shared global workspace},
  author={Goyal, Anirudh and Didolkar, Aniket and Lamb, Alex and Badola, Kartikeya and Ke, Nan Rosemary and Rahaman, Nasim and Binas, Jonathan and Blundell, Charles and Mozer, Michael and Bengio, Yoshua},
  journal={arXiv preprint arXiv:2103.01197},
  year={2021}
}

@article{goyal2020object,
  title={Object files and schemata: Factorizing declarative and procedural knowledge in dynamical systems},
  author={Goyal, Anirudh and Lamb, Alex and Gampa, Phanideep and Beaudoin, Philippe and Levine, Sergey and Blundell, Charles and Bengio, Yoshua and Mozer, Michael},
  journal={arXiv preprint arXiv:2006.16225},
  year={2020}
}

@article{goyal2019recurrent,
  title={Recurrent independent mechanisms},
  author={Goyal, Anirudh and Lamb, Alex and Hoffmann, Jordan and Sodhani, Shagun and Levine, Sergey and Bengio, Yoshua and Sch{\"o}lkopf, Bernhard},
  journal={arXiv preprint arXiv:1909.10893},
  year={2019}
}

@article{marton2021efficient,
  title={Efficient and robust multi-task learning in the brain with modular latent primitives},
  author={M{\'a}rton, Christian David and Gagnon, L{\'e}o and Lajoie, Guillaume and Rajan, Kanaka},
  journal={arXiv preprint arXiv:2105.14108},
  year={2021}
}

@article{mittal2022modular,
  title={Is a modular architecture enough?},
  author={Mittal, Sarthak and Bengio, Yoshua and Lajoie, Guillaume},
  journal={Advances in Neural Information Processing Systems},
  volume={35},
  pages={28747--28760},
  year={2022}
}

@article{mittal2021compositional,
  title={Compositional attention: Disentangling search and retrieval},
  author={Mittal, Sarthak and Raparthy, Sharath Chandra and Rish, Irina and Bengio, Yoshua and Lajoie, Guillaume},
  journal={arXiv preprint arXiv:2110.09419},
  year={2021}
}

@inproceedings{
    gordon2020permutation,
    title={Permutation Equivariant Models for Compositional Generalization in Language},
    author={Jonathan Gordon and David Lopez-Paz and Marco Baroni and Diane Bouchacourt},
    booktitle={International Conference on Learning Representations},
    year={2020},
    url={https://openreview.net/forum?id=SylVNerFvr}
}

@article{immer2022invariance,
  title={Invariance learning in deep neural networks with differentiable Laplace approximations},
  author={Immer, Alexander and van der Ouderaa, Tycho and R{\"a}tsch, Gunnar and Fortuin, Vincent and van der Wilk, Mark},
  journal={Advances in Neural Information Processing Systems},
  volume={35},
  pages={12449--12463},
  year={2022}
}

@inproceedings{wilk2018learning,
  title={Learning invariances using the marginal likelihood},
  author={Wilk, Mark van der and Bauer, Matthias and John, ST and Hensman, James},
  booktitle={Proceedings of the 32nd International Conference on Neural Information Processing Systems},
  pages={9960--9970},
  year={2018}
}

@inproceedings{van2022learning,
  title={Learning invariant weights in neural networks},
  author={van der Ouderaa, Tycho FA and van der Wilk, Mark},
  booktitle={Uncertainty in Artificial Intelligence},
  pages={1992--2001},
  year={2022},
  organization={PMLR}
}

@article{good1977explicativity,
  title={Explicativity: a mathematical theory of explanation with statistical applications},
  author={Good, IJ},
  journal={Proceedings of the Royal Society of London. A. Mathematical and Physical Sciences},
  volume={354},
  number={1678},
  pages={303--330},
  year={1977},
  publisher={The Royal Society London}
}

@inproceedings{
    lepori2023break,
    title={Break It Down:  Evidence for Structural Compositionality in Neural Networks},
    author={Michael A. Lepori and Thomas Serre and Ellie Pavlick},
    booktitle={Thirty-seventh Conference on Neural Information Processing Systems},
    year={2023},
    url={https://openreview.net/forum?id=rwbzMiuFQl}
}

@article{smolensky1990tensor,
    title={Tensor product variable binding and the representation of symbolic structures in connectionist systems},
    author={Smolensky, Paul},
    journal={Artificial intelligence},
    volume={46},
    number={1-2},
    pages={159--216},
    year={1990},
    publisher={Elsevier}
}

@article{jiang2021enriching,
  title={Enriching transformers with structured tensor-product representations for abstractive summarization},
  author={Jiang, Yichen and Celikyilmaz, Asli and Smolensky, Paul and Soulos, Paul and Rao, Sudha and Palangi, Hamid and Fernandez, Roland and Smith, Caitlin and Bansal, Mohit and Gao, Jianfeng},
  journal={arXiv preprint arXiv:2106.01317},
  year={2021}
}

@article{solomonoff1964formal,
  title={A formal theory of inductive inference. Part I},
  author={Solomonoff, Ray J},
  journal={Information and control},
  volume={7},
  number={1},
  pages={1--22},
  year={1964},
  publisher={Elsevier}
}

@article{chaitin1966length,
  title={On the length of programs for computing finite binary sequences},
  author={Chaitin, Gregory J},
  journal={Journal of the ACM (JACM)},
  volume={13},
  number={4},
  pages={547--569},
  year={1966},
  publisher={ACM New York, NY, USA}
}

@article{kolmogorov1965three,
  title={Three approaches to the quantitative definition of information’},
  author={Kolmogorov, Andrei N},
  journal={Problems of information transmission},
  volume={1},
  number={1},
  pages={1--7},
  year={1965}
}

@book{li2008introduction,
  title={An introduction to Kolmogorov complexity and its applications},
  author={Li, Ming and Vit{\'a}nyi, Paul and others},
  volume={3},
  year={2008},
  publisher={Springer}
}

@article{grunwald2003kolmogorov,
  title={Kolmogorov complexity and information theory. With an interpretation in terms of questions and answers},
  author={Gr{\"u}nwald, Peter D and Vit{\'a}nyi, Paul MB},
  journal={Journal of Logic, Language and Information},
  volume={12},
  pages={497--529},
  year={2003},
  publisher={Springer}
}

@book{grunwald2007minimum,
  title={The minimum description length principle},
  author={Gr{\"u}nwald, Peter D},
  year={2007},
  publisher={MIT press}
}

@inproceedings{fortnow2000kolmogorov,
  title={Kolmogorov complexity},
  author={Fortnow, Lance},
  booktitle={Aspects of Complexity, Minicourses in Algorithmics, Complexity, and Computational Algebra, NZMRI Mathematics Summer Meeting, Kaikoura, New Zealand},
  pages={73--86},
  year={2000}
}

@article{shannon2001mathematical,
  title={A mathematical theory of communication},
  author={Shannon, Claude Elwood},
  journal={ACM SIGMOBILE mobile computing and communications review},
  volume={5},
  number={1},
  pages={3--55},
  year={2001},
  publisher={ACM New York, NY, USA}
}

@article{hinton2012improving,
  title={Improving neural networks by preventing co-adaptation of feature detectors},
  author={Hinton, Geoffrey E and Srivastava, Nitish and Krizhevsky, Alex and Sutskever, Ilya and Salakhutdinov, Ruslan R},
  journal={arXiv preprint arXiv:1207.0580},
  year={2012}
}

@inproceedings{zhou2021fortuitous,
  title={Fortuitous forgetting in connectionist networks},
  author={Zhou, Hattie and Vani, Ankit and Larochelle, Hugo and Courville, Aaron},
  booktitle={International Conference on Learning Representations},
  year={2021}
}

@article{van2017neural,
  title={Neural discrete representation learning},
  author={Van Den Oord, Aaron and Vinyals, Oriol and others},
  journal={Advances in neural information processing systems},
  volume={30},
  year={2017}
}

@article{bengio2013estimating,
  title={Estimating or propagating gradients through stochastic neurons for conditional computation},
  author={Bengio, Yoshua and L{\'e}onard, Nicholas and Courville, Aaron},
  journal={arXiv preprint arXiv:1308.3432},
  year={2013}
}

@article{jang2016categorical,
  title={Categorical reparameterization with gumbel-softmax},
  author={Jang, Eric and Gu, Shixiang and Poole, Ben},
  journal={arXiv preprint arXiv:1611.01144},
  year={2016}
}

@inproceedings{jones2020discrete,
  title={Is the Discrete VAE’s Power Stuck in its Prior?},
  author={Jones, Haydn Thomas and Moore, Juston},
  booktitle={''I Can't Believe It's Not Better!''NeurIPS 2020 workshop},
  year={2020}
}

@inproceedings{yasuda2021end,
  title={End-to-end text-to-speech using latent duration based on vq-vae},
  author={Yasuda, Yusuke and Wang, Xin and Yamagishd, Junichi},
  booktitle={ICASSP 2021-2021 IEEE International Conference on Acoustics, Speech and Signal Processing (ICASSP)},
  pages={5694--5698},
  year={2021},
  organization={IEEE}
}

@article{cohen2022diffusion,
  title={Diffusion bridges vector quantized variational autoencoders},
  author={Cohen, Max and Quispe, Guillaume and Corff, Sylvain Le and Ollion, Charles and Moulines, Eric},
  journal={arXiv preprint arXiv:2202.04895},
  year={2022}
}

@inproceedings{lancucki2020robust,
  title={Robust training of vector quantized bottleneck models},
  author={{\L}a{\'n}cucki, Adrian and Chorowski, Jan and Sanchez, Guillaume and Marxer, Ricard and Chen, Nanxin and Dolfing, Hans JGA and Khurana, Sameer and Alum{\"a}e, Tanel and Laurent, Antoine},
  booktitle={2020 International Joint Conference on Neural Networks (IJCNN)},
  pages={1--7},
  year={2020},
  organization={IEEE}
}

@inproceedings{lavoie2023simplicial,
    title={Simplicial Embeddings in Self-Supervised Learning and Downstream Classification},
    author={Samuel Lavoie and Christos Tsirigotis and Max Schwarzer and Ankit Vani and Michael Noukhovitch and Kenji Kawaguchi and Aaron Courville},
    booktitle={The Eleventh International Conference on Learning Representations },
    year={2023},
    url={https://openreview.net/forum?id=RWtGreRpovS}
}

@article{bengio2021flow,
  title={Flow network based generative models for non-iterative diverse candidate generation},
  author={Bengio, Emmanuel and Jain, Moksh and Korablyov, Maksym and Precup, Doina and Bengio, Yoshua},
  journal={Advances in Neural Information Processing Systems},
  volume={34},
  pages={27381--27394},
  year={2021}
}

@article{bengio2023gflownet,
  title={Gflownet foundations},
  author={Bengio, Yoshua and Lahlou, Salem and Deleu, Tristan and Hu, Edward J and Tiwari, Mo and Bengio, Emmanuel},
  journal={The Journal of Machine Learning Research},
  volume={24},
  number={1},
  pages={10006--10060},
  year={2023},
  publisher={JMLRORG}
}

@inproceedings{hu2023gflownet,
  title={GFlowNet-EM for learning compositional latent variable models},
  author={Hu, Edward J and Malkin, Nikolay and Jain, Moksh and Everett, Katie E and Graikos, Alexandros and Bengio, Yoshua},
  booktitle={International Conference on Machine Learning},
  pages={13528--13549},
  year={2023},
  organization={PMLR}
}

@article{atanackovic2024investigating,
  title={Investigating Generalization Behaviours of Generative Flow Networks},
  author={Atanackovic, Lazar and Bengio, Emmanuel},
  journal={arXiv preprint arXiv:2402.05309},
  year={2024}
}

@article{joseph2012all,
  title={'All Languages Are Equally Complex'.},
  author={Joseph, John E and Newmeyer, Frederick J},
  journal={Historiographia linguistica},
  volume={39},
  year={2012}
}

@inproceedings{reimers-2020-multilingual-sentence-bert,
  title = "Making Monolingual Sentence Embeddings Multilingual using Knowledge Distillation",
  author = "Reimers, Nils and Gurevych, Iryna",
  booktitle = "Proceedings of the 2020 Conference on Empirical Methods in Natural Language Processing",
  month = "11",
  year = "2020",
  publisher = "Association for Computational Linguistics",
  url = "https://arxiv.org/abs/2004.09813",
}

@misc{coco-captions,
	title = {sentence-transformers/coco-captions · {Datasets} at {Hugging} {Face}},
        author = {COCO},
	url = {https://huggingface.co/datasets/sentence-transformers/coco-captions},
	abstract = {We’re on a journey to advance and democratize artificial intelligence through open source and open science.},
	urldate = {2024-09-24},
	month = jul,
	year = {2024},
}

@article{costa2022no,
  title={No language left behind: Scaling human-centered machine translation},
  author={Costa-juss{\`a}, Marta R and Cross, James and {\c{C}}elebi, Onur and Elbayad, Maha and Heafield, Kenneth and Heffernan, Kevin and Kalbassi, Elahe and Lam, Janice and Licht, Daniel and Maillard, Jean and others},
  journal={arXiv preprint arXiv:2207.04672},
  year={2022}
}